
@article{davila_mejora_2015,
	title = {Mejora de la eficiencia de un servicio de rehabilitación mediante metodología Lean Healthcare},
	volume = {30},
	pages = {162--165},
	number = {4},
	journaltitle = {Revista de Calidad Asistencial},
	author = {Dávila, S Pineda and González, J Tinoco},
	date = {2015},
	note = {Publisher: Elsevier},
}
